<?xml version="1.0" encoding="UTF-8"?><collection xmlns="http://www.loc.gov/MARC21/slim"><record><leader>00407nam--2200133-i-4500</leader><controlfield tag="001">000038316</controlfield><controlfield tag="002">20161230</controlfield><controlfield tag="005">20161230201041</controlfield><controlfield tag="008">060222s1000------------r-----000-0-eng-d</controlfield><datafield ind1=" " ind2=" " tag="245"><subfield code="a">Recent work on naturally occuring nutrogen heterocyclic compounds. report a symposium, exeter, engl.1955</subfield></datafield><datafield ind1=" " ind2=" " tag="260"><subfield code="a">London, The Chemical Society, 1955. 167 P</subfield></datafield><datafield ind1=" " ind2=" " tag="490"><subfield code="a">Special Publ</subfield></datafield><datafield ind1=" " ind2=" " tag="700"><subfield code="a">K.Schofield</subfield></datafield><datafield ind1=" " ind2=" " tag="852"><subfield code="a">14038</subfield></datafield></record></collection>